@MISC{alexa,
   title =        "Alexa: Introduction",
   howpublished =   "\url{https://en.wikipedia.org/wiki/Amazon_Alexa}",
 }

@MISC{e2e,
   title =        "End to end encyption",
   howpublished =   "\url{https://faq.whatsapp.com/general/28030015/}",
 }


@MISC{gchq,
   title =        "GCHQ: Introduction",
   howpublished =   "\url{https://en.wikipedia.org/wiki/GCHQ}",
 }
 
@MISC{gnucomm,
   title =        "GNU Comm: Introduction",
   year =         "2013",
   howpublished =   "\url{https://www.gnu.org/software/gnucomm/}",
   note =         "[Online; posted 2013]"
 }
 
 @MISC{jic,
   title =        "JIC: Introduction",
   howpublished =   "\url{ https://www.gov.uk/government/groups/joint-intelligence-committee}"
 }
 


 @MISC{jicdocs,
   title =        "JIC: Documents",
   howpublished =   "\url{ http://isc.independent.gov.uk}"
 }
 
 @MISC{siri,
   title =        "SIRI: Introduction",
   howpublished =   "\url{https://en.wikipedia.org/wiki/Siri}",
 }
 
@MISC{tor,
   title =        "Tor: Introduction",
   year =         "2019",
   howpublished =   "\url{hhttps://2019.www.torproject.org/docs/documentation.html.en}",
   note =         "[Online; posted 2019]"
 }